<?xml version="1.0" encoding="UTF-8"?><collection xmlns="http://www.loc.gov/MARC21/slim"><record><leader>00368nam--2200145-i-4500</leader><controlfield tag="001">000043169</controlfield><controlfield tag="002">20161230</controlfield><controlfield tag="005">20170205215923</controlfield><controlfield tag="008">060222s1000------------r-----000-0-eng-d</controlfield><datafield ind1=" " ind2=" " tag="080"><subfield code="a">620.1</subfield></datafield><datafield ind1=" " ind2=" " tag="245"><subfield code="a">Surface engineering surface modification of materials</subfield></datafield><datafield ind1=" " ind2=" " tag="490"><subfield code="a">Nato Asi Series</subfield></datafield><datafield ind1=" " ind2=" " tag="700"><subfield code="a">Singhal, Subhash C</subfield></datafield><datafield ind1=" " ind2=" " tag="852"><subfield code="a">45736</subfield></datafield><datafield ind1=" " ind2=" " tag="CAT"><subfield code="a">SYS</subfield><subfield code="c">20170205</subfield><subfield code="h">215923</subfield></datafield></record></collection>